<?xml version="1.0" encoding="UTF-8"?>
<record xmlns="http://www.loc.gov/MARC21/slim" xmlns:xsi="http://www.w3.org/2001/XMLSchema-instance" xsi:schemaLocation="http://www.loc.gov/MARC21/slim http://www.loc.gov/standards/marcxml/schema/MARC21slim.xsd">
<leader>     cam a2200265   4500</leader>
<controlfield tag="001">001680434</controlfield>
<controlfield tag="003">NNU</controlfield>
<controlfield tag="005">19941116114703.0</controlfield>
<controlfield tag="008">900507s1963    iq cf         000 0 arar</controlfield>
<datafield tag="010" ind1=" " ind2=" ">
<subfield code="a">ne 64003121</subfield>
</datafield>
<datafield tag="035" ind1="9" ind2=" ">
<subfield code="a">NYUb12223837</subfield>
</datafield>
<datafield tag="035" ind1=" " ind2=" ">
<subfield code="a">(OCoLC)21489509</subfield>
</datafield>
<datafield tag="035" ind1=" " ind2=" ">
<subfield code="a">(CStRLIN)DCGGB15446189-B</subfield>
</datafield>
<datafield tag="040" ind1=" " ind2=" ">
<subfield code="a">DLC</subfield>
<subfield code="c">WaU</subfield>
<subfield code="d">DGU</subfield>
</datafield>
<datafield tag="100" ind1="1" ind2=" ">
<subfield code="a">Ṣāliḥī, Khiḍr ʻAbbās.</subfield>
</datafield>
<datafield tag="245" ind1="1" ind2="0">
<subfield code="a">Shāʻirīyat Yūsuf ʻIzz al-Dīn</subfield>
<subfield code="c">[taʼlīf] Khiḍr ʻAbbās al-Ṣāliḥī.</subfield>
</datafield>
<datafield tag="260" ind1=" " ind2=" ">
<subfield code="a">Baghdād,</subfield>
<subfield code="b">Maṭbaʻat Asʻad,</subfield>
<subfield code="c">1963.</subfield>
</datafield>
<datafield tag="300" ind1=" " ind2=" ">
<subfield code="a">135 p.</subfield>
<subfield code="b">plates, ports.</subfield>
<subfield code="c">23 cm.</subfield>
</datafield>
<datafield tag="500" ind1=" " ind2=" ">
<subfield code="a">Added t. p.: Yousif Izzidien the poet, by Khidir al-Salihi.</subfield>
</datafield>
<datafield tag="600" ind1="1" ind2="0">
<subfield code="a">ʻIzz al-Dīn, Yūsuf.</subfield>
</datafield>
<datafield tag="740" ind1="0" ind2=" ">
<subfield code="a">Yousif Izzidien the poet.</subfield>
</datafield>
<datafield tag="OWN" ind1=" " ind2=" ">
<subfield code="a">GENERAL</subfield>
</datafield>
<datafield tag="950" ind1=" " ind2=" ">
<subfield code="l">BMAIN</subfield>
<subfield code="a">PJ7838.Z9</subfield>
<subfield code="b">Z87</subfield>
</datafield>
<datafield tag="955" ind1=" " ind2=" ">
<subfield code="l">BMAIN</subfield>
<subfield code="c">1</subfield>
<subfield code="r">028887324</subfield>
</datafield>
<datafield tag="955" ind1=" " ind2=" ">
<subfield code="l">BMAIN</subfield>
<subfield code="c">2</subfield>
<subfield code="r">028887266</subfield>
</datafield>
<datafield tag="955" ind1=" " ind2=" ">
<subfield code="l">BMAIN</subfield>
<subfield code="c">3</subfield>
<subfield code="r">028887753</subfield>
</datafield>
<datafield tag="998" ind1=" " ind2=" ">
<subfield code="s">9115</subfield>
</datafield>
<datafield tag="AVA" ind1=" " ind2=" ">
<subfield code="a">NYU50</subfield>
<subfield code="b">BOBST</subfield>
<subfield code="c">Main Collection</subfield>
<subfield code="d">PJ7838.Z9 Z87</subfield>
<subfield code="e">unavailable</subfield>
<subfield code="t">Unavailable</subfield>
<subfield code="f">1</subfield>
<subfield code="g">1</subfield>
<subfield code="h">N</subfield>
<subfield code="i">0</subfield>
<subfield code="j">MAIN</subfield>
<subfield code="k">0</subfield>
</datafield>
</record>
